@article{wehner,
	title		= "Desert Ant Navigation",
	author		= "M. Collett T. S. Collett S. Bisch R. Wehner",
	journal	= "Nature Magazin",
	volume	= "394",
	year		= "1998",
	month		= "July",
}